%YAML 1.1
%TAG !u! tag:unity3d.com,2011:
--- !u!1 &2628955500262022255
GameObject:
  m_ObjectHideFlags: 0
  m_CorrespondingSourceObject: {fileID: 0}
  m_PrefabInstance: {fileID: 0}
  m_PrefabAsset: {fileID: 0}
  serializedVersion: 6
  m_Component:
  - component: {fileID: 2309155657211283554}
  m_Layer: 0
  m_Name: Room_Blueprint
  m_TagString: Untagged
  m_Icon: {fileID: 0}
  m_NavMeshLayer: 0
  m_StaticEditorFlags: 0
  m_IsActive: 1
--- !u!4 &2309155657211283554
Transform:
  m_ObjectHideFlags: 0
  m_CorrespondingSourceObject: {fileID: 0}
  m_PrefabInstance: {fileID: 0}
  m_PrefabAsset: {fileID: 0}
  m_GameObject: {fileID: 2628955500262022255}
  m_LocalRotation: {x: 0, y: 0, z: 0, w: 1}
  m_LocalPosition: {x: 0, y: 0, z: 0}
  m_LocalScale: {x: 1, y: 1, z: 1}
  m_ConstrainProportionsScale: 0
  m_Children:
  - {fileID: 8829976298241207525}
  - {fileID: 8829976297934744068}
  - {fileID: 8829976297627000468}
  - {fileID: 8829976296618095738}
  - {fileID: 8829976297295173539}
  - {fileID: 8829976296576949249}
  - {fileID: 8829976296327673361}
  m_Father: {fileID: 0}
  m_RootOrder: 0
  m_LocalEulerAnglesHint: {x: 0, y: 0, z: 0}
--- !u!1001 &9007438765898353422
PrefabInstance:
  m_ObjectHideFlags: 0
  serializedVersion: 2
  m_Modification:
    m_TransformParent: {fileID: 2309155657211283554}
    m_Modifications:
    - target: {fileID: -8679921383154817045, guid: 8c8755ef0946afb4280aaca6f03cd569,
        type: 3}
      propertyPath: m_RootOrder
      value: 0
      objectReference: {fileID: 0}
    - target: {fileID: -8679921383154817045, guid: 8c8755ef0946afb4280aaca6f03cd569,
        type: 3}
      propertyPath: m_LocalPosition.x
      value: 0
      objectReference: {fileID: 0}
    - target: {fileID: -8679921383154817045, guid: 8c8755ef0946afb4280aaca6f03cd569,
        type: 3}
      propertyPath: m_LocalPosition.y
      value: 0.63
      objectReference: {fileID: 0}
    - target: {fileID: -8679921383154817045, guid: 8c8755ef0946afb4280aaca6f03cd569,
        type: 3}
      propertyPath: m_LocalPosition.z
      value: 0
      objectReference: {fileID: 0}
    - target: {fileID: -8679921383154817045, guid: 8c8755ef0946afb4280aaca6f03cd569,
        type: 3}
      propertyPath: m_LocalRotation.w
      value: 1
      objectReference: {fileID: 0}
    - target: {fileID: -8679921383154817045, guid: 8c8755ef0946afb4280aaca6f03cd569,
        type: 3}
      propertyPath: m_LocalRotation.x
      value: 0
      objectReference: {fileID: 0}
    - target: {fileID: -8679921383154817045, guid: 8c8755ef0946afb4280aaca6f03cd569,
        type: 3}
      propertyPath: m_LocalRotation.y
      value: 0
      objectReference: {fileID: 0}
    - target: {fileID: -8679921383154817045, guid: 8c8755ef0946afb4280aaca6f03cd569,
        type: 3}
      propertyPath: m_LocalRotation.z
      value: 0
      objectReference: {fileID: 0}
    - target: {fileID: -8679921383154817045, guid: 8c8755ef0946afb4280aaca6f03cd569,
        type: 3}
      propertyPath: m_LocalEulerAnglesHint.x
      value: 0
      objectReference: {fileID: 0}
    - target: {fileID: -8679921383154817045, guid: 8c8755ef0946afb4280aaca6f03cd569,
        type: 3}
      propertyPath: m_LocalEulerAnglesHint.y
      value: 0
      objectReference: {fileID: 0}
    - target: {fileID: -8679921383154817045, guid: 8c8755ef0946afb4280aaca6f03cd569,
        type: 3}
      propertyPath: m_LocalEulerAnglesHint.z
      value: 0
      objectReference: {fileID: 0}
    - target: {fileID: -8478862757033063765, guid: 8c8755ef0946afb4280aaca6f03cd569,
        type: 3}
      propertyPath: m_LocalPosition.x
      value: 16.54
      objectReference: {fileID: 0}
    - target: {fileID: -8478862757033063765, guid: 8c8755ef0946afb4280aaca6f03cd569,
        type: 3}
      propertyPath: m_LocalPosition.y
      value: 0.90000004
      objectReference: {fileID: 0}
    - target: {fileID: -8478862757033063765, guid: 8c8755ef0946afb4280aaca6f03cd569,
        type: 3}
      propertyPath: m_LocalPosition.z
      value: -5.5100026
      objectReference: {fileID: 0}
    - target: {fileID: -5157588042397245596, guid: 8c8755ef0946afb4280aaca6f03cd569,
        type: 3}
      propertyPath: m_Materials.Array.data[0]
      value: 
      objectReference: {fileID: 2100000, guid: 064d17e965285e64bb20d31ceb664f6c, type: 2}
    - target: {fileID: -131881240847186300, guid: 8c8755ef0946afb4280aaca6f03cd569,
        type: 3}
      propertyPath: m_LocalPosition.y
      value: 0
      objectReference: {fileID: 0}
    - target: {fileID: -131881240847186300, guid: 8c8755ef0946afb4280aaca6f03cd569,
        type: 3}
      propertyPath: m_LocalPosition.z
      value: 0
      objectReference: {fileID: 0}
    - target: {fileID: 31666084260180190, guid: 8c8755ef0946afb4280aaca6f03cd569,
        type: 3}
      propertyPath: m_Materials.Array.data[0]
      value: 
      objectReference: {fileID: 2100000, guid: 698272c29da94a74fb00748497a66602, type: 2}
    - target: {fileID: 919132149155446097, guid: 8c8755ef0946afb4280aaca6f03cd569,
        type: 3}
      propertyPath: m_Name
      value: FloorAndPath
      objectReference: {fileID: 0}
    - target: {fileID: 919132149155446097, guid: 8c8755ef0946afb4280aaca6f03cd569,
        type: 3}
      propertyPath: m_IsActive
      value: 1
      objectReference: {fileID: 0}
    - target: {fileID: 1831828260601078800, guid: 8c8755ef0946afb4280aaca6f03cd569,
        type: 3}
      propertyPath: m_Materials.Array.data[0]
      value: 
      objectReference: {fileID: 2100000, guid: 064d17e965285e64bb20d31ceb664f6c, type: 2}
    - target: {fileID: 3352797750357233230, guid: 8c8755ef0946afb4280aaca6f03cd569,
        type: 3}
      propertyPath: m_LocalScale.y
      value: 3081.6467
      objectReference: {fileID: 0}
    - target: {fileID: 3352797750357233230, guid: 8c8755ef0946afb4280aaca6f03cd569,
        type: 3}
      propertyPath: m_LocalPosition.x
      value: -0.3699999
      objectReference: {fileID: 0}
    - target: {fileID: 3352797750357233230, guid: 8c8755ef0946afb4280aaca6f03cd569,
        type: 3}
      propertyPath: m_LocalPosition.y
      value: 0.90000004
      objectReference: {fileID: 0}
    - target: {fileID: 3352797750357233230, guid: 8c8755ef0946afb4280aaca6f03cd569,
        type: 3}
      propertyPath: m_LocalPosition.z
      value: 0.81999874
      objectReference: {fileID: 0}
    - target: {fileID: 3352797750357233230, guid: 8c8755ef0946afb4280aaca6f03cd569,
        type: 3}
      propertyPath: m_LocalRotation.w
      value: 0.70689493
      objectReference: {fileID: 0}
    - target: {fileID: 3352797750357233230, guid: 8c8755ef0946afb4280aaca6f03cd569,
        type: 3}
      propertyPath: m_LocalRotation.x
      value: -0.7068949
      objectReference: {fileID: 0}
    - target: {fileID: 3352797750357233230, guid: 8c8755ef0946afb4280aaca6f03cd569,
        type: 3}
      propertyPath: m_LocalRotation.y
      value: 0.017309187
      objectReference: {fileID: 0}
    - target: {fileID: 3352797750357233230, guid: 8c8755ef0946afb4280aaca6f03cd569,
        type: 3}
      propertyPath: m_LocalRotation.z
      value: 0.01730918
      objectReference: {fileID: 0}
    - target: {fileID: 3352797750357233230, guid: 8c8755ef0946afb4280aaca6f03cd569,
        type: 3}
      propertyPath: m_LocalEulerAnglesHint.x
      value: -90
      objectReference: {fileID: 0}
    - target: {fileID: 3352797750357233230, guid: 8c8755ef0946afb4280aaca6f03cd569,
        type: 3}
      propertyPath: m_LocalEulerAnglesHint.z
      value: 2.805
      objectReference: {fileID: 0}
    - target: {fileID: 3637295725753658245, guid: 8c8755ef0946afb4280aaca6f03cd569,
        type: 3}
      propertyPath: m_Materials.Array.data[0]
      value: 
      objectReference: {fileID: 2100000, guid: 064d17e965285e64bb20d31ceb664f6c, type: 2}
    - target: {fileID: 7505891464097264891, guid: 8c8755ef0946afb4280aaca6f03cd569,
        type: 3}
      propertyPath: m_Materials.Array.data[0]
      value: 
      objectReference: {fileID: 2100000, guid: 064d17e965285e64bb20d31ceb664f6c, type: 2}
    - target: {fileID: 7687539298548252591, guid: 8c8755ef0946afb4280aaca6f03cd569,
        type: 3}
      propertyPath: m_LocalPosition.x
      value: -14.388725
      objectReference: {fileID: 0}
    - target: {fileID: 7687539298548252591, guid: 8c8755ef0946afb4280aaca6f03cd569,
        type: 3}
      propertyPath: m_LocalPosition.y
      value: 0.8999999
      objectReference: {fileID: 0}
    - target: {fileID: 7687539298548252591, guid: 8c8755ef0946afb4280aaca6f03cd569,
        type: 3}
      propertyPath: m_LocalPosition.z
      value: -5.868912
      objectReference: {fileID: 0}
    - target: {fileID: 7715276401087994199, guid: 8c8755ef0946afb4280aaca6f03cd569,
        type: 3}
      propertyPath: m_Materials.Array.data[0]
      value: 
      objectReference: {fileID: 2100000, guid: 064d17e965285e64bb20d31ceb664f6c, type: 2}
    - target: {fileID: 8383929918920720593, guid: 8c8755ef0946afb4280aaca6f03cd569,
        type: 3}
      propertyPath: m_LocalPosition.x
      value: -16.21
      objectReference: {fileID: 0}
    - target: {fileID: 8383929918920720593, guid: 8c8755ef0946afb4280aaca6f03cd569,
        type: 3}
      propertyPath: m_LocalPosition.y
      value: 0.90000004
      objectReference: {fileID: 0}
    - target: {fileID: 8383929918920720593, guid: 8c8755ef0946afb4280aaca6f03cd569,
        type: 3}
      propertyPath: m_LocalPosition.z
      value: 12.400002
      objectReference: {fileID: 0}
    - target: {fileID: 8394718409799063694, guid: 8c8755ef0946afb4280aaca6f03cd569,
        type: 3}
      propertyPath: m_LocalPosition.x
      value: 16.77
      objectReference: {fileID: 0}
    - target: {fileID: 8394718409799063694, guid: 8c8755ef0946afb4280aaca6f03cd569,
        type: 3}
      propertyPath: m_LocalPosition.y
      value: 0.9
      objectReference: {fileID: 0}
    - target: {fileID: 8394718409799063694, guid: 8c8755ef0946afb4280aaca6f03cd569,
        type: 3}
      propertyPath: m_LocalPosition.z
      value: 3.74
      objectReference: {fileID: 0}
    m_RemovedComponents: []
  m_SourcePrefab: {fileID: 100100000, guid: 8c8755ef0946afb4280aaca6f03cd569, type: 3}
--- !u!4 &8829976298241207525 stripped
Transform:
  m_CorrespondingSourceObject: {fileID: -8679921383154817045, guid: 8c8755ef0946afb4280aaca6f03cd569,
    type: 3}
  m_PrefabInstance: {fileID: 9007438765898353422}
  m_PrefabAsset: {fileID: 0}
--- !u!1001 &9007438766196493807
PrefabInstance:
  m_ObjectHideFlags: 0
  serializedVersion: 2
  m_Modification:
    m_TransformParent: {fileID: 2309155657211283554}
    m_Modifications:
    - target: {fileID: -8679921383154817045, guid: bc607371c48a11449a92b8dc377d430c,
        type: 3}
      propertyPath: m_RootOrder
      value: 1
      objectReference: {fileID: 0}
    - target: {fileID: -8679921383154817045, guid: bc607371c48a11449a92b8dc377d430c,
        type: 3}
      propertyPath: m_LocalScale.x
      value: 1
      objectReference: {fileID: 0}
    - target: {fileID: -8679921383154817045, guid: bc607371c48a11449a92b8dc377d430c,
        type: 3}
      propertyPath: m_LocalPosition.x
      value: -25.91
      objectReference: {fileID: 0}
    - target: {fileID: -8679921383154817045, guid: bc607371c48a11449a92b8dc377d430c,
        type: 3}
      propertyPath: m_LocalPosition.y
      value: -0.72
      objectReference: {fileID: 0}
    - target: {fileID: -8679921383154817045, guid: bc607371c48a11449a92b8dc377d430c,
        type: 3}
      propertyPath: m_LocalPosition.z
      value: -15.16
      objectReference: {fileID: 0}
    - target: {fileID: -8679921383154817045, guid: bc607371c48a11449a92b8dc377d430c,
        type: 3}
      propertyPath: m_LocalRotation.w
      value: 0.8660254
      objectReference: {fileID: 0}
    - target: {fileID: -8679921383154817045, guid: bc607371c48a11449a92b8dc377d430c,
        type: 3}
      propertyPath: m_LocalRotation.x
      value: 0
      objectReference: {fileID: 0}
    - target: {fileID: -8679921383154817045, guid: bc607371c48a11449a92b8dc377d430c,
        type: 3}
      propertyPath: m_LocalRotation.y
      value: 0.5
      objectReference: {fileID: 0}
    - target: {fileID: -8679921383154817045, guid: bc607371c48a11449a92b8dc377d430c,
        type: 3}
      propertyPath: m_LocalRotation.z
      value: 0
      objectReference: {fileID: 0}
    - target: {fileID: -8679921383154817045, guid: bc607371c48a11449a92b8dc377d430c,
        type: 3}
      propertyPath: m_LocalEulerAnglesHint.x
      value: 0
      objectReference: {fileID: 0}
    - target: {fileID: -8679921383154817045, guid: bc607371c48a11449a92b8dc377d430c,
        type: 3}
      propertyPath: m_LocalEulerAnglesHint.y
      value: 60
      objectReference: {fileID: 0}
    - target: {fileID: -8679921383154817045, guid: bc607371c48a11449a92b8dc377d430c,
        type: 3}
      propertyPath: m_LocalEulerAnglesHint.z
      value: 0
      objectReference: {fileID: 0}
    - target: {fileID: -4790576508465062782, guid: bc607371c48a11449a92b8dc377d430c,
        type: 3}
      propertyPath: m_Materials.Array.data[0]
      value: 
      objectReference: {fileID: 2100000, guid: 613071f493437fb4a914158052357f1d, type: 2}
    - target: {fileID: -328676969943230118, guid: bc607371c48a11449a92b8dc377d430c,
        type: 3}
      propertyPath: m_Materials.Array.data[0]
      value: 
      objectReference: {fileID: 2100000, guid: 613071f493437fb4a914158052357f1d, type: 2}
    - target: {fileID: 919132149155446097, guid: bc607371c48a11449a92b8dc377d430c,
        type: 3}
      propertyPath: m_Name
      value: WallAndVineNew
      objectReference: {fileID: 0}
    m_RemovedComponents: []
  m_SourcePrefab: {fileID: 100100000, guid: bc607371c48a11449a92b8dc377d430c, type: 3}
--- !u!4 &8829976297934744068 stripped
Transform:
  m_CorrespondingSourceObject: {fileID: -8679921383154817045, guid: bc607371c48a11449a92b8dc377d430c,
    type: 3}
  m_PrefabInstance: {fileID: 9007438766196493807}
  m_PrefabAsset: {fileID: 0}
--- !u!1001 &9007438766504180095
PrefabInstance:
  m_ObjectHideFlags: 0
  serializedVersion: 2
  m_Modification:
    m_TransformParent: {fileID: 2309155657211283554}
    m_Modifications:
    - target: {fileID: -8679921383154817045, guid: bc607371c48a11449a92b8dc377d430c,
        type: 3}
      propertyPath: m_RootOrder
      value: 2
      objectReference: {fileID: 0}
    - target: {fileID: -8679921383154817045, guid: bc607371c48a11449a92b8dc377d430c,
        type: 3}
      propertyPath: m_LocalScale.x
      value: 1.05
      objectReference: {fileID: 0}
    - target: {fileID: -8679921383154817045, guid: bc607371c48a11449a92b8dc377d430c,
        type: 3}
      propertyPath: m_LocalPosition.x
      value: -26.04
      objectReference: {fileID: 0}
    - target: {fileID: -8679921383154817045, guid: bc607371c48a11449a92b8dc377d430c,
        type: 3}
      propertyPath: m_LocalPosition.y
      value: -0.72
      objectReference: {fileID: 0}
    - target: {fileID: -8679921383154817045, guid: bc607371c48a11449a92b8dc377d430c,
        type: 3}
      propertyPath: m_LocalPosition.z
      value: 14.91
      objectReference: {fileID: 0}
    - target: {fileID: -8679921383154817045, guid: bc607371c48a11449a92b8dc377d430c,
        type: 3}
      propertyPath: m_LocalRotation.w
      value: 0.49999994
      objectReference: {fileID: 0}
    - target: {fileID: -8679921383154817045, guid: bc607371c48a11449a92b8dc377d430c,
        type: 3}
      propertyPath: m_LocalRotation.x
      value: 0
      objectReference: {fileID: 0}
    - target: {fileID: -8679921383154817045, guid: bc607371c48a11449a92b8dc377d430c,
        type: 3}
      propertyPath: m_LocalRotation.y
      value: 0.86602545
      objectReference: {fileID: 0}
    - target: {fileID: -8679921383154817045, guid: bc607371c48a11449a92b8dc377d430c,
        type: 3}
      propertyPath: m_LocalRotation.z
      value: 0
      objectReference: {fileID: 0}
    - target: {fileID: -8679921383154817045, guid: bc607371c48a11449a92b8dc377d430c,
        type: 3}
      propertyPath: m_LocalEulerAnglesHint.x
      value: 0
      objectReference: {fileID: 0}
    - target: {fileID: -8679921383154817045, guid: bc607371c48a11449a92b8dc377d430c,
        type: 3}
      propertyPath: m_LocalEulerAnglesHint.y
      value: 120
      objectReference: {fileID: 0}
    - target: {fileID: -8679921383154817045, guid: bc607371c48a11449a92b8dc377d430c,
        type: 3}
      propertyPath: m_LocalEulerAnglesHint.z
      value: 0
      objectReference: {fileID: 0}
    - target: {fileID: -4790576508465062782, guid: bc607371c48a11449a92b8dc377d430c,
        type: 3}
      propertyPath: m_Materials.Array.data[0]
      value: 
      objectReference: {fileID: 2100000, guid: 613071f493437fb4a914158052357f1d, type: 2}
    - target: {fileID: -328676969943230118, guid: bc607371c48a11449a92b8dc377d430c,
        type: 3}
      propertyPath: m_Materials.Array.data[0]
      value: 
      objectReference: {fileID: 2100000, guid: 613071f493437fb4a914158052357f1d, type: 2}
    - target: {fileID: 919132149155446097, guid: bc607371c48a11449a92b8dc377d430c,
        type: 3}
      propertyPath: m_Name
      value: WallAndVineNew (1)
      objectReference: {fileID: 0}
    m_RemovedComponents: []
  m_SourcePrefab: {fileID: 100100000, guid: bc607371c48a11449a92b8dc377d430c, type: 3}
--- !u!4 &8829976297627000468 stripped
Transform:
  m_CorrespondingSourceObject: {fileID: -8679921383154817045, guid: bc607371c48a11449a92b8dc377d430c,
    type: 3}
  m_PrefabInstance: {fileID: 9007438766504180095}
  m_PrefabAsset: {fileID: 0}
--- !u!1001 &9007438766844457032
PrefabInstance:
  m_ObjectHideFlags: 0
  serializedVersion: 2
  m_Modification:
    m_TransformParent: {fileID: 2309155657211283554}
    m_Modifications:
    - target: {fileID: -8679921383154817045, guid: bc607371c48a11449a92b8dc377d430c,
        type: 3}
      propertyPath: m_RootOrder
      value: 4
      objectReference: {fileID: 0}
    - target: {fileID: -8679921383154817045, guid: bc607371c48a11449a92b8dc377d430c,
        type: 3}
      propertyPath: m_LocalScale.x
      value: 1.05
      objectReference: {fileID: 0}
    - target: {fileID: -8679921383154817045, guid: bc607371c48a11449a92b8dc377d430c,
        type: 3}
      propertyPath: m_LocalPosition.x
      value: 0.01
      objectReference: {fileID: 0}
    - target: {fileID: -8679921383154817045, guid: bc607371c48a11449a92b8dc377d430c,
        type: 3}
      propertyPath: m_LocalPosition.y
      value: -0.72
      objectReference: {fileID: 0}
    - target: {fileID: -8679921383154817045, guid: bc607371c48a11449a92b8dc377d430c,
        type: 3}
      propertyPath: m_LocalPosition.z
      value: 30.04
      objectReference: {fileID: 0}
    - target: {fileID: -8679921383154817045, guid: bc607371c48a11449a92b8dc377d430c,
        type: 3}
      propertyPath: m_LocalRotation.w
      value: 0
      objectReference: {fileID: 0}
    - target: {fileID: -8679921383154817045, guid: bc607371c48a11449a92b8dc377d430c,
        type: 3}
      propertyPath: m_LocalRotation.x
      value: 0
      objectReference: {fileID: 0}
    - target: {fileID: -8679921383154817045, guid: bc607371c48a11449a92b8dc377d430c,
        type: 3}
      propertyPath: m_LocalRotation.y
      value: 1
      objectReference: {fileID: 0}
    - target: {fileID: -8679921383154817045, guid: bc607371c48a11449a92b8dc377d430c,
        type: 3}
      propertyPath: m_LocalRotation.z
      value: 0
      objectReference: {fileID: 0}
    - target: {fileID: -8679921383154817045, guid: bc607371c48a11449a92b8dc377d430c,
        type: 3}
      propertyPath: m_LocalEulerAnglesHint.x
      value: 0
      objectReference: {fileID: 0}
    - target: {fileID: -8679921383154817045, guid: bc607371c48a11449a92b8dc377d430c,
        type: 3}
      propertyPath: m_LocalEulerAnglesHint.y
      value: 180
      objectReference: {fileID: 0}
    - target: {fileID: -8679921383154817045, guid: bc607371c48a11449a92b8dc377d430c,
        type: 3}
      propertyPath: m_LocalEulerAnglesHint.z
      value: 0
      objectReference: {fileID: 0}
    - target: {fileID: -4790576508465062782, guid: bc607371c48a11449a92b8dc377d430c,
        type: 3}
      propertyPath: m_Materials.Array.data[0]
      value: 
      objectReference: {fileID: 2100000, guid: 613071f493437fb4a914158052357f1d, type: 2}
    - target: {fileID: -328676969943230118, guid: bc607371c48a11449a92b8dc377d430c,
        type: 3}
      propertyPath: m_Materials.Array.data[0]
      value: 
      objectReference: {fileID: 2100000, guid: 613071f493437fb4a914158052357f1d, type: 2}
    - target: {fileID: 919132149155446097, guid: bc607371c48a11449a92b8dc377d430c,
        type: 3}
      propertyPath: m_Name
      value: WallAndVineNew (3)
      objectReference: {fileID: 0}
    m_RemovedComponents: []
  m_SourcePrefab: {fileID: 100100000, guid: bc607371c48a11449a92b8dc377d430c, type: 3}
--- !u!4 &8829976297295173539 stripped
Transform:
  m_CorrespondingSourceObject: {fileID: -8679921383154817045, guid: bc607371c48a11449a92b8dc377d430c,
    type: 3}
  m_PrefabInstance: {fileID: 9007438766844457032}
  m_PrefabAsset: {fileID: 0}
--- !u!1001 &9007438767513342865
PrefabInstance:
  m_ObjectHideFlags: 0
  serializedVersion: 2
  m_Modification:
    m_TransformParent: {fileID: 2309155657211283554}
    m_Modifications:
    - target: {fileID: -8679921383154817045, guid: bc607371c48a11449a92b8dc377d430c,
        type: 3}
      propertyPath: m_RootOrder
      value: 3
      objectReference: {fileID: 0}
    - target: {fileID: -8679921383154817045, guid: bc607371c48a11449a92b8dc377d430c,
        type: 3}
      propertyPath: m_LocalScale.x
      value: 1.05
      objectReference: {fileID: 0}
    - target: {fileID: -8679921383154817045, guid: bc607371c48a11449a92b8dc377d430c,
        type: 3}
      propertyPath: m_LocalPosition.x
      value: 0.06
      objectReference: {fileID: 0}
    - target: {fileID: -8679921383154817045, guid: bc607371c48a11449a92b8dc377d430c,
        type: 3}
      propertyPath: m_LocalPosition.y
      value: -0.72
      objectReference: {fileID: 0}
    - target: {fileID: -8679921383154817045, guid: bc607371c48a11449a92b8dc377d430c,
        type: 3}
      propertyPath: m_LocalPosition.z
      value: -30.06
      objectReference: {fileID: 0}
    - target: {fileID: -8679921383154817045, guid: bc607371c48a11449a92b8dc377d430c,
        type: 3}
      propertyPath: m_LocalRotation.w
      value: 1
      objectReference: {fileID: 0}
    - target: {fileID: -8679921383154817045, guid: bc607371c48a11449a92b8dc377d430c,
        type: 3}
      propertyPath: m_LocalRotation.x
      value: 0
      objectReference: {fileID: 0}
    - target: {fileID: -8679921383154817045, guid: bc607371c48a11449a92b8dc377d430c,
        type: 3}
      propertyPath: m_LocalRotation.y
      value: 0
      objectReference: {fileID: 0}
    - target: {fileID: -8679921383154817045, guid: bc607371c48a11449a92b8dc377d430c,
        type: 3}
      propertyPath: m_LocalRotation.z
      value: 0
      objectReference: {fileID: 0}
    - target: {fileID: -8679921383154817045, guid: bc607371c48a11449a92b8dc377d430c,
        type: 3}
      propertyPath: m_LocalEulerAnglesHint.x
      value: 0
      objectReference: {fileID: 0}
    - target: {fileID: -8679921383154817045, guid: bc607371c48a11449a92b8dc377d430c,
        type: 3}
      propertyPath: m_LocalEulerAnglesHint.y
      value: 0
      objectReference: {fileID: 0}
    - target: {fileID: -8679921383154817045, guid: bc607371c48a11449a92b8dc377d430c,
        type: 3}
      propertyPath: m_LocalEulerAnglesHint.z
      value: 0
      objectReference: {fileID: 0}
    - target: {fileID: -4790576508465062782, guid: bc607371c48a11449a92b8dc377d430c,
        type: 3}
      propertyPath: m_Materials.Array.data[0]
      value: 
      objectReference: {fileID: 2100000, guid: 613071f493437fb4a914158052357f1d, type: 2}
    - target: {fileID: -328676969943230118, guid: bc607371c48a11449a92b8dc377d430c,
        type: 3}
      propertyPath: m_Materials.Array.data[0]
      value: 
      objectReference: {fileID: 2100000, guid: 613071f493437fb4a914158052357f1d, type: 2}
    - target: {fileID: 919132149155446097, guid: bc607371c48a11449a92b8dc377d430c,
        type: 3}
      propertyPath: m_Name
      value: WallAndVineNew (2)
      objectReference: {fileID: 0}
    m_RemovedComponents: []
  m_SourcePrefab: {fileID: 100100000, guid: bc607371c48a11449a92b8dc377d430c, type: 3}
--- !u!4 &8829976296618095738 stripped
Transform:
  m_CorrespondingSourceObject: {fileID: -8679921383154817045, guid: bc607371c48a11449a92b8dc377d430c,
    type: 3}
  m_PrefabInstance: {fileID: 9007438767513342865}
  m_PrefabAsset: {fileID: 0}
--- !u!1001 &9007438767521004522
PrefabInstance:
  m_ObjectHideFlags: 0
  serializedVersion: 2
  m_Modification:
    m_TransformParent: {fileID: 2309155657211283554}
    m_Modifications:
    - target: {fileID: -8679921383154817045, guid: bc607371c48a11449a92b8dc377d430c,
        type: 3}
      propertyPath: m_RootOrder
      value: 5
      objectReference: {fileID: 0}
    - target: {fileID: -8679921383154817045, guid: bc607371c48a11449a92b8dc377d430c,
        type: 3}
      propertyPath: m_LocalScale.x
      value: 1.05
      objectReference: {fileID: 0}
    - target: {fileID: -8679921383154817045, guid: bc607371c48a11449a92b8dc377d430c,
        type: 3}
      propertyPath: m_LocalPosition.x
      value: 26.01
      objectReference: {fileID: 0}
    - target: {fileID: -8679921383154817045, guid: bc607371c48a11449a92b8dc377d430c,
        type: 3}
      propertyPath: m_LocalPosition.y
      value: -0.72
      objectReference: {fileID: 0}
    - target: {fileID: -8679921383154817045, guid: bc607371c48a11449a92b8dc377d430c,
        type: 3}
      propertyPath: m_LocalPosition.z
      value: 15.05
      objectReference: {fileID: 0}
    - target: {fileID: -8679921383154817045, guid: bc607371c48a11449a92b8dc377d430c,
        type: 3}
      propertyPath: m_LocalRotation.w
      value: -0.5
      objectReference: {fileID: 0}
    - target: {fileID: -8679921383154817045, guid: bc607371c48a11449a92b8dc377d430c,
        type: 3}
      propertyPath: m_LocalRotation.x
      value: 0
      objectReference: {fileID: 0}
    - target: {fileID: -8679921383154817045, guid: bc607371c48a11449a92b8dc377d430c,
        type: 3}
      propertyPath: m_LocalRotation.y
      value: 0.8660254
      objectReference: {fileID: 0}
    - target: {fileID: -8679921383154817045, guid: bc607371c48a11449a92b8dc377d430c,
        type: 3}
      propertyPath: m_LocalRotation.z
      value: -0
      objectReference: {fileID: 0}
    - target: {fileID: -8679921383154817045, guid: bc607371c48a11449a92b8dc377d430c,
        type: 3}
      propertyPath: m_LocalEulerAnglesHint.x
      value: 0
      objectReference: {fileID: 0}
    - target: {fileID: -8679921383154817045, guid: bc607371c48a11449a92b8dc377d430c,
        type: 3}
      propertyPath: m_LocalEulerAnglesHint.y
      value: 240
      objectReference: {fileID: 0}
    - target: {fileID: -8679921383154817045, guid: bc607371c48a11449a92b8dc377d430c,
        type: 3}
      propertyPath: m_LocalEulerAnglesHint.z
      value: 0
      objectReference: {fileID: 0}
    - target: {fileID: -4790576508465062782, guid: bc607371c48a11449a92b8dc377d430c,
        type: 3}
      propertyPath: m_Materials.Array.data[0]
      value: 
      objectReference: {fileID: 2100000, guid: 613071f493437fb4a914158052357f1d, type: 2}
    - target: {fileID: -328676969943230118, guid: bc607371c48a11449a92b8dc377d430c,
        type: 3}
      propertyPath: m_Materials.Array.data[0]
      value: 
      objectReference: {fileID: 2100000, guid: 613071f493437fb4a914158052357f1d, type: 2}
    - target: {fileID: 919132149155446097, guid: bc607371c48a11449a92b8dc377d430c,
        type: 3}
      propertyPath: m_Name
      value: WallAndVineNew (4)
      objectReference: {fileID: 0}
    m_RemovedComponents: []
  m_SourcePrefab: {fileID: 100100000, guid: bc607371c48a11449a92b8dc377d430c, type: 3}
--- !u!4 &8829976296576949249 stripped
Transform:
  m_CorrespondingSourceObject: {fileID: -8679921383154817045, guid: bc607371c48a11449a92b8dc377d430c,
    type: 3}
  m_PrefabInstance: {fileID: 9007438767521004522}
  m_PrefabAsset: {fileID: 0}
--- !u!1001 &9007438767803830778
PrefabInstance:
  m_ObjectHideFlags: 0
  serializedVersion: 2
  m_Modification:
    m_TransformParent: {fileID: 2309155657211283554}
    m_Modifications:
    - target: {fileID: -8679921383154817045, guid: bc607371c48a11449a92b8dc377d430c,
        type: 3}
      propertyPath: m_RootOrder
      value: 6
      objectReference: {fileID: 0}
    - target: {fileID: -8679921383154817045, guid: bc607371c48a11449a92b8dc377d430c,
        type: 3}
      propertyPath: m_LocalScale.x
      value: 1.05
      objectReference: {fileID: 0}
    - target: {fileID: -8679921383154817045, guid: bc607371c48a11449a92b8dc377d430c,
        type: 3}
      propertyPath: m_LocalPosition.x
      value: 26.05
      objectReference: {fileID: 0}
    - target: {fileID: -8679921383154817045, guid: bc607371c48a11449a92b8dc377d430c,
        type: 3}
      propertyPath: m_LocalPosition.y
      value: -0.72
      objectReference: {fileID: 0}
    - target: {fileID: -8679921383154817045, guid: bc607371c48a11449a92b8dc377d430c,
        type: 3}
      propertyPath: m_LocalPosition.z
      value: -14.98
      objectReference: {fileID: 0}
    - target: {fileID: -8679921383154817045, guid: bc607371c48a11449a92b8dc377d430c,
        type: 3}
      propertyPath: m_LocalRotation.w
      value: -0.8660254
      objectReference: {fileID: 0}
    - target: {fileID: -8679921383154817045, guid: bc607371c48a11449a92b8dc377d430c,
        type: 3}
      propertyPath: m_LocalRotation.x
      value: 0
      objectReference: {fileID: 0}
    - target: {fileID: -8679921383154817045, guid: bc607371c48a11449a92b8dc377d430c,
        type: 3}
      propertyPath: m_LocalRotation.y
      value: 0.5
      objectReference: {fileID: 0}
    - target: {fileID: -8679921383154817045, guid: bc607371c48a11449a92b8dc377d430c,
        type: 3}
      propertyPath: m_LocalRotation.z
      value: -0
      objectReference: {fileID: 0}
    - target: {fileID: -8679921383154817045, guid: bc607371c48a11449a92b8dc377d430c,
        type: 3}
      propertyPath: m_LocalEulerAnglesHint.x
      value: 0
      objectReference: {fileID: 0}
    - target: {fileID: -8679921383154817045, guid: bc607371c48a11449a92b8dc377d430c,
        type: 3}
      propertyPath: m_LocalEulerAnglesHint.y
      value: 300
      objectReference: {fileID: 0}
    - target: {fileID: -8679921383154817045, guid: bc607371c48a11449a92b8dc377d430c,
        type: 3}
      propertyPath: m_LocalEulerAnglesHint.z
      value: 0
      objectReference: {fileID: 0}
    - target: {fileID: -4790576508465062782, guid: bc607371c48a11449a92b8dc377d430c,
        type: 3}
      propertyPath: m_Materials.Array.data[0]
      value: 
      objectReference: {fileID: 2100000, guid: 613071f493437fb4a914158052357f1d, type: 2}
    - target: {fileID: -328676969943230118, guid: bc607371c48a11449a92b8dc377d430c,
        type: 3}
      propertyPath: m_Materials.Array.data[0]
      value: 
      objectReference: {fileID: 2100000, guid: 613071f493437fb4a914158052357f1d, type: 2}
    - target: {fileID: 919132149155446097, guid: bc607371c48a11449a92b8dc377d430c,
        type: 3}
      propertyPath: m_Name
      value: WallAndVineNew (5)
      objectReference: {fileID: 0}
    m_RemovedComponents: []
  m_SourcePrefab: {fileID: 100100000, guid: bc607371c48a11449a92b8dc377d430c, type: 3}
--- !u!4 &8829976296327673361 stripped
Transform:
  m_CorrespondingSourceObject: {fileID: -8679921383154817045, guid: bc607371c48a11449a92b8dc377d430c,
    type: 3}
  m_PrefabInstance: {fileID: 9007438767803830778}
  m_PrefabAsset: {fileID: 0}
